<record><leader>00000cas a22000007a 4500</leader><controlfield tag="001">10749071</controlfield><controlfield tag="008">840518d18491876scuwr ne      0   a0eng d</controlfield><datafield ind1=" " ind2=" " tag="010"><subfield code="a">sn 84026923 </subfield></datafield><datafield ind1=" " ind2=" " tag="040"><subfield code="a">NPU</subfield><subfield code="b">eng</subfield><subfield code="c">NPU</subfield><subfield code="d">NPX</subfield><subfield code="d">NPT</subfield><subfield code="d">SVN</subfield><subfield code="d">OCL</subfield><subfield code="d">TGN</subfield><subfield code="d">DLC</subfield><subfield code="d">OCLCQ</subfield><subfield code="d">DLC</subfield><subfield code="d">OCLCF</subfield><subfield code="d">DLC</subfield></datafield><datafield ind1="0" ind2=" " tag="022"><subfield code="a">2330-8648</subfield><subfield code="2">1</subfield></datafield><datafield ind1=" " ind2=" " tag="042"><subfield code="a">msc</subfield><subfield code="a">nsdp</subfield></datafield><datafield ind1=" " ind2=" " tag="043"><subfield code="a">n-us-sc</subfield></datafield><datafield ind1="0" ind2="0" tag="050"><subfield code="a">Newspaper</subfield></datafield><datafield ind1="0" ind2="0" tag="082"><subfield code="a">071</subfield><subfield code="2">23</subfield></datafield><datafield ind1="0" ind2=" " tag="130"><subfield code="a">Fairfield herald (Winnsboro, S.C.)</subfield></datafield><datafield ind1=" " ind2="4" tag="222"><subfield code="a">The Fairfield herald</subfield><subfield code="b">(Winnsboro, S.C. Print)</subfield></datafield><datafield ind1="1" ind2="4" tag="245"><subfield code="a">The Fairfield herald.</subfield></datafield><datafield ind1=" " ind2=" " tag="260"><subfield code="a">Winnsboro, S.C. :</subfield><subfield code="b">E.H. Britton,</subfield><subfield code="c">[1849]-1876.</subfield></datafield><datafield ind1=" " ind2=" " tag="300"><subfield code="a">v.</subfield></datafield><datafield ind1=" " ind2=" " tag="310"><subfield code="a">Weekly</subfield></datafield><datafield ind1="1" ind2=" " tag="362"><subfield code="a">Began in 1849.</subfield><subfield code="z">Cf. Gregory, W. Amer. newspapers.</subfield></datafield><datafield ind1="0" ind2=" " tag="362"><subfield code="a">-Oct. 5, 1876.</subfield></datafield><datafield ind1=" " ind2=" " tag="500"><subfield code="a">Publishers: Britton &amp; Mickle, &lt;1852&gt;; Desportes &amp; Williams, &lt;1873&gt;; Williams &amp; Davis, &lt;1876&gt;.</subfield></datafield><datafield ind1=" " ind2=" " tag="515"><subfield code="a">Suspended in 1861? Resumed with June 20, 1866 (Vol. 1, no. 1) issue.</subfield></datafield><datafield ind1=" " ind2=" " tag="530"><subfield code="a">Archived issues are available in digital format as part of the Library of Congress Chronicling America online collection.</subfield></datafield><datafield ind1=" " ind2=" " tag="588"><subfield code="a">Description based on: Vol. 1, no. 22 (July 21, 1849).</subfield></datafield><datafield ind1=" " ind2="0" tag="651"><subfield code="a">Winnsboro (S.C.)</subfield><subfield code="v">Newspapers.</subfield></datafield><datafield ind1=" " ind2="0" tag="651"><subfield code="a">Fairfield County (S.C.)</subfield><subfield code="v">Newspapers.</subfield></datafield><datafield ind1=" " ind2="7" tag="651"><subfield code="a">South Carolina</subfield><subfield code="z">Fairfield County.</subfield><subfield code="2">fast</subfield><subfield code="0">(OCoLC)fst01207054</subfield></datafield><datafield ind1=" " ind2="7" tag="651"><subfield code="a">South Carolina</subfield><subfield code="z">Winnsboro.</subfield><subfield code="2">fast</subfield><subfield code="0">(OCoLC)fst01209837</subfield></datafield><datafield ind1=" " ind2="7" tag="655"><subfield code="a">Newspapers.</subfield><subfield code="2">fast</subfield><subfield code="0">(OCoLC)fst01423814</subfield></datafield><datafield ind1=" " ind2=" " tag="752"><subfield code="a">United States</subfield><subfield code="b">South Carolina</subfield><subfield code="c">Fairfield</subfield><subfield code="d">Winnsboro.</subfield></datafield><datafield ind1="0" ind2=" " tag="775"><subfield code="t">Daily register (Winnsboro, S.C.)</subfield><subfield code="w">(DLC)sn 86053247</subfield><subfield code="w">(OCoLC)13385146</subfield></datafield><datafield ind1="0" ind2=" " tag="775"><subfield code="t">Register (Winnsboro, S.C. : Triweekly)</subfield><subfield code="w">(DLC)sn 86053248</subfield><subfield code="w">(OCoLC)13385167</subfield></datafield><datafield ind1="0" ind2="8" tag="776"><subfield code="i">Online version:</subfield><subfield code="t">Fairfield herald (Winnsboro, S.C. : Online)</subfield><subfield code="x">2330-8656</subfield><subfield code="w">(DLC)  2013218960</subfield><subfield code="w">(OCoLC)857590588</subfield></datafield><datafield ind1="0" ind2="7" tag="785"><subfield code="t">Tri-weekly news (Winnsboro, S.C.)</subfield><subfield code="x">2333-195X</subfield><subfield code="w">(DLC)sn 84026922</subfield><subfield code="w">(OCoLC)10749011</subfield></datafield><datafield ind1="0" ind2="7" tag="785"><subfield code="t">News and herald (Winnsboro, S.C. : Weekly)</subfield><subfield code="x">2330-8761</subfield><subfield code="w">(DLC)sn 86063744</subfield><subfield code="w">(OCoLC)13646309</subfield></datafield><datafield ind1="4" ind2="1" tag="856"><subfield code="u">http://chroniclingamerica.loc.gov/lccn/sn84026923/issues</subfield></datafield><datafield ind1="1" ind2=" " tag="029"><subfield code="a">AU@</subfield><subfield code="b">000026339281</subfield></datafield></record>